

@article{deunk2007value,
  author = {Deunk, Jaap and Brink, Marc and Dekker, Henk M. and et al.},
  title = {The value of CT in blunt abdominal trauma: a systematic review},
  journal = {European Radiology},
  volume = {17},
  number = {10},
  pages = {2452--2460},
  year = {2007},
  doi = {10.1007/s00330-007-0633-5}
}

@article{soto2005ct,
  author = {Soto, Jorge A. and Anderson, Stephen W. and et al.},
  title = {CT of blunt abdominal trauma: Evaluation of 123 hemodynamically stable patients},
  journal = {Radiology},
  volume = {237},
  number = {1},
  pages = {104--113},
  year = {2005},
  doi = {10.1148/radiol.2371040543}
}

@article{rajpurkar2017chexnet,
  author = {Rajpurkar, Pranav and Irvin, Jeremy and Zhu, Kaylie and et al.},
  title = {CheXNet: Radiologist-Level Pneumonia Detection on Chest X-Rays with Deep Learning},
  journal = {arXiv preprint arXiv:1711.05225},
  year = {2017},
  url = {https://arxiv.org/abs/1711.05225}
}

@article{chilamkurthy2018deep,
  author = {Chilamkurthy, Sasank and Ghosh, Rohit and Tanamala, Swetha and et al.},
  title = {Deep learning algorithms for detection of critical findings in head CT scans: a retrospective study},
  journal = {The Lancet},
  volume = {392},
  number = {10162},
  pages = {2388--2396},
  year = {2018},
  doi = {10.1016/S0140-6736(18)31645-3}
}

@article{olczak2017artificial,
  author = {Olczak, Jakub and Fahlberg, Niklas and Maki, Asim and et al.},
  title = {Artificial intelligence for analyzing orthopedic trauma radiographs},
  journal = {Acta Orthopaedica},
  volume = {88},
  number = {6},
  pages = {581--586},
  year = {2017},
  doi = {10.1080/17453674.2017.1344459}
}

@article{kim2020ai,
  author = {Kim, Dong Wook and Kim, Jae Young and Park, Seong Ho},
  title = {AI-assisted liver injury detection in abdominal CT using deep learning},
  journal = {Journal of Digital Imaging},
  volume = {33},
  pages = {1085--1094},
  year = {2020},
  doi = {10.1007/s10278-020-00355-3}
}

@article{bosc2019computed,
  author = {Bosc, Romain and Goff, Jean A. and Godoy, Maria C.},
  title = {Computed tomography imaging in abdominal trauma},
  journal = {Radiologic Clinics of North America},
  volume = {57},
  number = {4},
  pages = {733--748},
  year = {2019},
  doi = {10.1016/j.rcl.2019.02.002}
}

@article{zhang2014review,
  author = {Zhang, Min-Ling and Zhou, Zhi-Hua},
  title = {A review on multi-label learning algorithms},
  journal = {IEEE Transactions on Knowledge and Data Engineering},
  volume = {26},
  number = {8},
  pages = {1819--1837},
  year = {2014},
  doi = {10.1109/TKDE.2013.39}
}

@inproceedings{lin2017focal,
  author = {Lin, Tsung-Yi and Goyal, Priya and Girshick, Ross and He, Kaiming and Doll√°r, Piotr},
  title = {Focal Loss for Dense Object Detection},
  booktitle = {Proceedings of the IEEE International Conference on Computer Vision (ICCV)},
  pages = {2980--2988},
  year = {2017},
  doi = {10.1109/ICCV.2017.324}
}

@article{johnson2019survey,
  author = {Johnson, Justin M. and Khoshgoftaar, Taghi M.},
  title = {Survey on deep learning with class imbalance},
  journal = {Journal of Big Data},
  volume = {6},
  number = {1},
  pages = {1--54},
  year = {2019},
  doi = {10.1186/s40537-019-0192-5}
}

@article{isensee2021nnunet,
  author = {Isensee, Fabian and Jaeger, Paul F. and Kohl, Simon A. A. and Petersen, Jens and Maier-Hein, Klaus H.},
  title = {nnU-Net: A self-configuring method for deep learning-based biomedical image segmentation},
  journal = {Nature Methods},
  volume = {18},
  number = {2},
  pages = {203--211},
  year = {2021},
  doi = {10.1038/s41592-020-01008-z}
}

@misc{ghosh2023eda,
  author = {Ghosh, Aritra},
  title = {EDA: Train.csv},
  year = {2023},
  howpublished = {\url{https://www.kaggle.com/code/aritrag/eda-train-csv}},
  note = {Accessed: 07-Mar-2025}
}

@inproceedings{tan2021efficientnetv2,
  author = {Tan, Mingxing and Le, Quoc V.},
  title = {EfficientNetV2: Smaller Models and Faster Training},
  booktitle = {Proceedings of the 38th International Conference on Machine Learning},
  pages = {10096--10106},
  year = {2021},
  publisher = {PMLR},
  url = {https://proceedings.mlr.press/v139/tan21a.html}
}

@inproceedings{he2016deep,
  author = {He, Kaiming and Zhang, Xiangyu and Ren, Shaoqing and Sun, Jian},
  title = {Deep Residual Learning for Image Recognition},
  booktitle = {Proceedings of the IEEE Conference on Computer Vision and Pattern Recognition (CVPR)},
  pages = {770--778},
  year = {2016},
  doi = {10.1109/CVPR.2016.90}
}

@article{loshchilov2017sgdr,
  author = {Loshchilov, Ilya and Hutter, Frank},
  title = {SGDR: Stochastic Gradient Descent with Warm Restarts},
  journal = {arXiv preprint arXiv:1608.03983},
  year = {2017},
  url = {https://arxiv.org/abs/1608.03983}

@misc{kerascv2024augmentation,
  author = {{KerasCV}},
  title = {Image Augmentation API},
  year = {2024},
  url = {https://keras.io/api/keras_cv/layers},
  note = {Accessed: 07-Mar-2025}
}

@misc{kaggle2023rsna,
  author = {{Kaggle}},
  title = {RSNA 2023 Abdominal Trauma Detection Competition},
  year = {2023},
  url = {https://www.kaggle.com/competitions/rsna-2023-abdominal-trauma-detection},
  note = {Accessed: 07-Mar-2025}
}

@misc{tensorflow2024tfdata,
  author = {{TensorFlow}},
  title = {tf.data: Build TensorFlow input pipelines},
  year = {2024},
  url = {https://www.tensorflow.org/guide/data},
  note = {Accessed: 07-Mar-2025}
}

}